<record xmlns="http://www.loc.gov/MARC21/slim" xmlns:xsi="http://www.w3.org/2001/XMLSchema-instance" xsi:schemaLocation="http://www.loc.gov/MARC21/slim http://www.loc.gov/standards/marcxml/schema/MARC21slim.xsd">

  <leader>00576nam a2200181Ia 4500</leader>
  <controlfield tag="008">160209b1997    ck ||||| |||| 00| | spa d</controlfield>
  <datafield ind2=" " ind1=" " tag="020">
    <subfield code="a">9582000570</subfield>
  </datafield>
  <datafield ind2=" " ind1=" " tag="090">
    <subfield code="a">06.02.01 </subfield>
    <subfield code="b">1872</subfield>
  </datafield>
  <datafield tag="100" ind1="1" ind2=" ">
    <subfield code="a">Gallego-Badillo, Rómulo</subfield>
    <subfield code="9">1463</subfield>
  </datafield>
  <datafield ind2="0" ind1="1" tag="245">
    <subfield code="a">Saber pedagógico: una visión alternativa / </subfield>
    <subfield code="c">Rómulo Gallego-Badillo</subfield>
  </datafield>
  <datafield ind1=" " tag="260" ind2=" ">
    <subfield code="a">Bogotá : </subfield>
    <subfield code="b">Cooperativa Editorial Magisterio, </subfield>
    <subfield code="c">1997</subfield>
  </datafield>
  <datafield ind1=" " tag="300" ind2=" ">
    <subfield code="a">142 páginas</subfield>
  </datafield>
  <datafield ind2=" " tag="490" ind1=" ">
    <subfield code="a">Colección Mesa Redonda</subfield>
  </datafield>
  <datafield ind1="1" tag="650" ind2="4">
    <subfield code="a">EDUCACIÓN</subfield>
    <subfield code="9">1</subfield>
  </datafield>
  <datafield ind1="1" tag="650" ind2="4">
    <subfield code="a">INVESTIGACIÓN EDUCATIVA</subfield>
    <subfield code="9">326</subfield>
  </datafield>
  <datafield ind2="4" ind1="1" tag="650">
    <subfield code="9">499</subfield>
    <subfield code="a">PRÁCTICA PEDAGÓGICA</subfield>
  </datafield>
  <datafield ind1=" " tag="942" ind2=" ">
    <subfield code="2">z</subfield>
    <subfield code="c">01</subfield>
  </datafield>
  <datafield ind2=" " ind1=" " tag="999">
    <subfield code="c">369</subfield>
    <subfield code="d">369</subfield>
  </datafield>
</record>